@inproceedings{felleisen1990expressive,
  title={On the expressive power of programming languages},
  author={Felleisen, Matthias},
  booktitle={European Symposium on Programming},
  pages={134--151},
  year={1990},
  organization={Springer}
}

@inproceedings{kozen1979semantics,
  title={Semantics of probabilistic programs},
  author={Kozen, Dexter},
  booktitle={20th Annual Symposium on Foundations of Computer Science (sfcs 1979)},
  pages={101--114},
  year={1979},
  organization={IEEE}
}

@article{carbinprogramming,
  title={Programming Unreliable Hardware},
  author={Carbin, Michael and Misailovic, Sasa},
  journal={Foundations Of Probabilistic Programming},
}

@inproceedings{de2008z3,
  title={Z3: An efficient SMT solver},
  author={De Moura, Leonardo and Bj{\o}rner, Nikolaj},
  booktitle={International conference on Tools and Algorithms for the Construction and Analysis of Systems},
  pages={337--340},
  year={2008},
  organization={Springer}
}

@inproceedings{calcagno2015moving,
  title={Moving fast with software verification},
  author={Calcagno, Cristiano and Distefano, Dino and Dubreil, J{\'e}r{\'e}my and Gabi, Dominik and Hooimeijer, Pieter and Luca, Martino and Oâ€™Hearn, Peter and Papakonstantinou, Irene and Purbrick, Jim and Rodriguez, Dulma},
  booktitle={NASA Formal Methods Symposium},
  pages={3--11},
  year={2015},
  organization={Springer}
}

@article{distefano2019scaling,
  title={Scaling static analyses at Facebook},
  author={Distefano, Dino and F{\"a}hndrich, Manuel and Logozzo, Francesco and O'Hearn, Peter W},
  journal={Communications of the ACM},
  volume={62},
  number={8},
  pages={62--70},
  year={2019},
  publisher={ACM New York, NY, USA}
}

@inproceedings{ball2004slam,
  title={SLAM and Static Driver Verifier: Technology transfer of formal methods inside Microsoft},
  author={Ball, Thomas and Cook, Byron and Levin, Vladimir and Rajamani, Sriram K},
  booktitle={Integrated Formal Methods: 4th International Conference, IFM 2004, Cnaterbury, UK, April 4-7, 2004. Proceedings 4},
  pages={1--20},
  year={2004},
  organization={Springer}
}

@article{newcombe2015amazon,
  title={How Amazon web services uses formal methods},
  author={Newcombe, Chris and Rath, Tim and Zhang, Fan and Munteanu, Bogdan and Brooker, Marc and Deardeuff, Michael},
  journal={Communications of the ACM},
  volume={58},
  number={4},
  pages={66--73},
  year={2015},
  publisher={ACM New York, NY, USA}
}



@article{jhala2021refinement,
  title={Refinement types: A tutorial},
  author={Jhala, Ranjit and Vazou, Niki and others},
  journal={Foundations and Trends{\textregistered} in Programming Languages},
  volume={6},
  number={3--4},
  pages={159--317},
  year={2021},
  publisher={Now Publishers, Inc.}
}

@book{motwani1995randomized,
  title={Randomized algorithms},
  author={Motwani, Rajeev and Raghavan, Prabhakar},
  year={1995},
  publisher={Cambridge university press}
}

@book{mciver2005abstraction,
  title={Abstraction, refinement and proof for probabilistic systems},
  author={McIver, Annabelle and Morgan, Carroll},
  year={2005},
  publisher={Springer Science \& Business Media}
}

@book{pierce2002types,
  title={Types and programming languages},
  author={Pierce, Benjamin C},
  year={2002},
  publisher={MIT press}
}

@inproceedings{katoen2016probabilistic,
  title={The probabilistic model checking landscape},
  author={Katoen, Joost-Pieter},
  booktitle={Proceedings of the 31st Annual ACM/IEEE Symposium on Logic in Computer Science},
  pages={31--45},
  year={2016}
}

@book{pearl1988probabilistic,
  title={Probabilistic reasoning in intelligent systems: networks of plausible inference},
  author={Pearl, Judea},
  year={1988},
  publisher={Morgan kaufmann}
}

@book{darwiche2009modeling,
  title={Modeling and reasoning with Bayesian networks},
  author={Darwiche, Adnan},
  year={2009},
  publisher={Cambridge university press}
}

@book{koller2009probabilistic,
  title={Probabilistic graphical models: principles and techniques},
  author={Koller, Daphne and Friedman, Nir},
  year={2009},
  publisher={MIT press}
}

@inproceedings{sato1997prism,
  title={PRISM: a language for symbolic-statistical modeling},
  author={Sato, Taisuke and Kameya, Yoshitaka},
  booktitle={IJCAI},
  volume={97},
  pages={1330--1339},
  year={1997}
}

@inproceedings{ramsey2002stochastic,
  title={Stochastic lambda calculus and monads of probability distributions},
  author={Ramsey, Norman and Pfeffer, Avi},
  booktitle={Proceedings of the 29th ACM SIGPLAN-SIGACT symposium on Principles of programming languages},
  pages={154--165},
  year={2002}
}

@article{goodman2012church,
  title={Church: a language for generative models},
  author={Goodman, Noah and Mansinghka, Vikash and Roy, Daniel M and Bonawitz, Keith and Tenenbaum, Joshua B},
  journal={arXiv preprint arXiv:1206.3255},
  year={2012}
}

@book{harper2016practical,
  title={Practical foundations for programming languages},
  author={Harper, Robert},
  year={2016},
  publisher={Cambridge University Press}
}

@book{wittgenstein2013tractatus,
  title={Tractatus logico-philosophicus},
  author={Wittgenstein, Ludwig and Monk, Ray},
  year={2013},
  publisher={Routledge}
}

@book{kolmogorov2018foundations,
  title={Foundations of the theory of probability: Second English Edition},
  author={Kolmogorov, Andre{\u\i} Nikolaevich and Bharucha-Reid, Albert T},
  year={2018},
  publisher={Courier Dover Publications}
}

@book{jaynes2003probability,
  title={Probability theory: The logic of science},
  author={Jaynes, Edwin T},
  year={2003},
  publisher={Cambridge university press}
}

@article{graham1989concrete,
  title={Concrete mathematics: a foundation for computer science},
  author={Graham, Ronald L and Knuth, Donald E and Patashnik, Oren and Liu, Stanley},
  journal={Computers in Physics},
  volume={3},
  number={5},
  pages={106--107},
  year={1989},
  publisher={American Institute of Physics}
}

@article{goldreich2008computational,
  title={Computational complexity: a conceptual perspective},
  author={Goldreich, Oded},
  journal={ACM Sigact News},
  volume={39},
  number={3},
  pages={35--39},
  year={2008},
  publisher={ACM New York, NY, USA}
}

@article{roth1996hardness,
  title={On the hardness of approximate reasoning},
  author={Roth, Dan},
  journal={Artificial Intelligence},
  volume={82},
  number={1-2},
  pages={273--302},
  year={1996},
  publisher={Elsevier}
}

@article{gentzen1969investigations,
  title={Investigations into logical deduction},
  author={Gentzen, Gerhard},
  journal={The collected papers of Gerhard Gentzen},
  pages={68--131},
  year={1969},
  publisher={North-Holland}
}

@article{beame2001propositional,
  title={Propositional Proof complexity: Past, Present},
  author={Beame, Paul and Pitassi, Toniann},
  journal={Future},
  pages={42--70},
  year={2001}
}

@article{darwiche2002knowledge,
  title={A knowledge compilation map},
  author={Darwiche, Adnan and Marquis, Pierre},
  journal={Journal of Artificial Intelligence Research},
  volume={17},
  pages={229--264},
  year={2002}
}

@article{bryant1992symbolic,
  title={Symbolic boolean manipulation with ordered binary-decision diagrams},
  author={Bryant, Randal E},
  journal={ACM Computing Surveys (CSUR)},
  volume={24},
  number={3},
  pages={293--318},
  year={1992},
  publisher={ACM New York, NY, USA}
}

@book{meinel1998algorithms,
  title={Algorithms and Data Structures in VLSI Design: OBDD-foundations and applications},
  author={Meinel, Christoph and Theobald, Thorsten},
  year={1998},
  publisher={Springer Science \& Business Media}
}

@book{knuth2013art,
  title={Art of Computer Programming, Volume 4},
  author={Knuth, Donald E},
  year={2013},
  publisher={Addison-Wesley Professional}
}

@article{girard1987linear,
  title={Linear logic},
  author={Girard, Jean-Yves},
  journal={Theoretical computer science},
  volume={50},
  number={1},
  pages={1--101},
  year={1987},
  publisher={Elsevier}
}

@article{braibant2014implementing,
  title={Implementing and reasoning about hash-consed data structures in Coq},
  author={Braibant, Thomas and Jourdan, Jacques-Henri and Monniaux, David},
  journal={Journal of automated reasoning},
  volume={53},
  number={3},
  pages={271--304},
  year={2014},
  publisher={Springer}
}

@inproceedings{oztok2015top,
  title={A top-down compiler for sentential decision diagrams},
  author={Oztok, Umut and Darwiche, Adnan},
  booktitle={Twenty-Fourth International Joint Conference on Artificial Intelligence},
  year={2015}
}

@inproceedings{darwiche2004new,
  title={New advances in compiling CNF to decomposable negation normal form},
  author={Darwiche, Adnan},
  booktitle={Proc. of ECAI},
  pages={328--332},
  year={2004},
  organization={Citeseer}
}

@inproceedings{staton2016semantics,
  title={Semantics for probabilistic programming: higher-order functions, continuous distributions, and soft constraints},
  author={Staton, Sam and Yang, Hongseok and Wood, Frank and Heunen, Chris and Kammar, Ohad},
  booktitle={Proceedings of the 31st Annual ACM/IEEE Symposium on Logic in Computer Science},
  pages={525--534},
  year={2016}
}

@article{wand2018contextual,
  title={Contextual equivalence for a probabilistic language with continuous random variables and recursion},
  author={Wand, Mitchell and Culpepper, Ryan and Giannakopoulos, Theophilos and Cobb, Andrew},
  journal={Proceedings of the ACM on Programming Languages},
  volume={2},
  number={ICFP},
  pages={1--30},
  year={2018},
  publisher={ACM New York, NY, USA}

}

@inproceedings{culpepper2017contextual,
  title={Contextual equivalence for probabilistic programs with continuous random variables and scoring},
  author={Culpepper, Ryan and Cobb, Andrew},
  booktitle={European Symposium on Programming},
  pages={368--392},
  year={2017},
  organization={Springer}
}

@article{holtzen2020scaling,
  title={Scaling exact inference for discrete probabilistic programs},
  author={Holtzen, Steven and Van den Broeck, Guy and Millstein, Todd},
  journal={Proceedings of the ACM on Programming Languages},
  volume={4},
  number={OOPSLA},
  pages={1--31},
  year={2020},
  publisher={ACM New York, NY, USA}
}

@inproceedings{muise2012d,
  title={D sharp: fast d-DNNF compilation with sharpSAT},
  author={Muise, Christian and McIlraith, Sheila A and Beck, J Christopher and Hsu, Eric I},
  booktitle={Advances in Artificial Intelligence: 25th Canadian Conference on Artificial Intelligence, Canadian AI 2012, Toronto, ON, Canada, May 28-30, 2012. Proceedings 25},
  pages={356--361},
  year={2012},
  organization={Springer}
}

@article{fierens2015inference,
  title={Inference and learning in probabilistic logic programs using weighted boolean formulas},
  author={Fierens, Daan and Van den Broeck, Guy and Renkens, Joris and Shterionov, Dimitar and Gutmann, Bernd and Thon, Ingo and Janssens, Gerda and De Raedt, Luc},
  journal={Theory and Practice of Logic Programming},
  volume={15},
  number={3},
  pages={358--401},
  year={2015},
  publisher={Cambridge University Press}
}

@inproceedings{de2007problog,
  title={ProbLog: A probabilistic Prolog and its application in link discovery},
  author={De Raedt, Luc and Kimmig, Angelika and Toivonen, Hannu and Veloso, M},
  booktitle={IJCAI 2007, Proceedings of the 20th international joint conference on artificial intelligence},
  pages={2462--2467},
  year={2007},
  organization={IJCAI-INT JOINT CONF ARTIF INTELL}
}

@inproceedings{saad2021sppl,
  title={SPPL: probabilistic programming with fast exact symbolic inference},
  author={Saad, Feras A and Rinard, Martin C and Mansinghka, Vikash K},
  booktitle={Proceedings of the 42nd ACM SIGPLAN International Conference on Programming Language Design and Implementation},
  pages={804--819},
  year={2021}
}

@article{chavira2008probabilistic,
  title={On probabilistic inference by weighted model counting},
  author={Chavira, Mark and Darwiche, Adnan},
  journal={Artificial Intelligence},
  volume={172},
  number={6-7},
  pages={772--799},
  year={2008},
  publisher={Elsevier}
}

@inproceedings{sang2005performing,
  title={Performing Bayesian inference by weighted model counting},
  author={Sang, Tian and Beame, Paul and Kautz, Henry A},
  booktitle={AAAI},
  volume={5},
  pages={475--481},
  year={2005}
}

@article{moggi1991notions,
  title={Notions of computation and monads},
  author={Moggi, Eugenio},
  journal={Information and computation},
  volume={93},
  number={1},
  pages={55--92},
  year={1991},
  publisher={Elsevier}
}

@article{carpenter2017stan,
  title={Stan: A probabilistic programming language},
  author={Carpenter, Bob and Gelman, Andrew and Hoffman, Matthew D and Lee, Daniel and Goodrich, Ben and Betancourt, Michael and Brubaker, Marcus A and Guo, Jiqiang and Li, Peter and Riddell, Allen},
  journal={Journal of statistical software},
  volume={76},
  year={2017},
  publisher={NIH Public Access}
}

@book{shalev2014understanding,
  title={Understanding machine learning: From theory to algorithms},
  author={Shalev-Shwartz, Shai and Ben-David, Shai},
  year={2014},
  publisher={Cambridge university press}
}

@book{axler2020measure,
  title={Measure, integration \& real analysis},
  author={Axler, Sheldon},
  year={2020},
  publisher={Springer Nature}
}

@book{rosenthal2006first,
  title={First Look At Rigorous Probability Theory, A},
  author={Rosenthal, Jeffrey S},
  year={2006},
  publisher={World Scientific Publishing Company}
}

@book{pollard2002user,
  title={A user's guide to measure theoretic probability},
  author={Pollard, David},
  number={8},
  year={2002},
  publisher={Cambridge University Press}
}

@book{barthe2020foundations,
  title={Foundations of probabilistic programming},
  author={Barthe, Gilles and Katoen, Joost-Pieter and Silva, Alexandra},
  year={2020},
  publisher={Cambridge University Press}
}

@inproceedings{giry2006categorical,
  title={A categorical approach to probability theory},
  author={Giry, Michele},
  booktitle={Categorical Aspects of Topology and Analysis: Proceedings of an International Conference Held at Carleton University, Ottawa, August 11--15, 1981},
  pages={68--85},
  year={2006},
  organization={Springer}
}